@article{Portnoi:2005,
    author = {Portnoi, Marcos},
    title = {Criptografia com Curvas Elípticas},
    year = {2005},
    address = {Universidade Salvador - UNIFACS}
}
@article{Lee:2011,
    author = {Lee, Tai Chi},
    title = {An Implementation of Elliptic Curve Cryptosystem},
    year = {2011},
    address = {Department of Computer Science and Information Systems Saginaw Valley State University}
}
@book{Stallings:2011,
    author = {Stallings, William},
    title = {Cryptography and Network Security Principles and Pratice 5th Edition},
    year = {2011},
    isbn = {10: 0-13-609704-9, 13: 978-0-13-609704-4},
    publisher = {Prentice Hall},
}
@article{Ramos:2015,
    author = {Marcos da Silva Ramos},
    title = {Geração de Parâmetros de Domínio de Curvas Elípticas para Uso em Criptografia},
    year = {2015},
    school = {Universidade de Brasília - Faculdade UnB Gama},
    adreess = {Gama, DF, Brasil}
}
@book{Niven:2014,
    Author = {Niven, Ivan and Zuckerman and Herbert S.},
    Title = {An Introduction to the Theory of Numbers},
    Edition = {6},
    Publisher = {Wiley},
    Year = {2014}
}
@article{Sangalli:2011,
    author = {Leandro Aparecido Sangalli},
    title = {Criptossistemas baseados em curvas elípticas e seus desafios},
    school = {Universidade Estadual de Campinas - Unicamp},
    address = {Campinas, SP, Brasil},
    year = {2011}
}
@book{Halim:2013,
    Author = {Halim, Steven},
    Title = {Competitive Programming},
    Edition = {3},
    Chapter = {5.3.4},
    Publisher = {paperback},
    Year = {2013}
}
@book{Thomas:2004,
    Author = {Thomas, George B.},
    Title = {Cálculo},
    Edition = {10},
    Chapter = {10},
    Year = {2004},
    Publisher = {Addison Wesley}
}
@book{Hefez:2008,
    Author = {Hefez, Abramo and Villela, Maria Lúcia T.},
    Title = {Códigos Corretores de Erros},
    Edition = {2},
    Year = {2008},
    Publisher = {IMPA}
}
@book{Silverman:2009,
    Author = {Silverman, Joseph H.},
    Title = {The Arithmetic of Elliptic Curves},
    Edition = {2},
    Year = {2009},
    Publisher = {Springer}
}
@book{Gilbert:2004,
    Author = {Gilbert, William J. and Nicholson, W. Keith},
    Title = {Modern Algebra with Applications},
    Edition = {2},
    Year = {2004},
    Publisher = {Wiley-Interscience}
}
@book{Coutinho:2014,
    Author = {Coutinho, S. C.},
    Title = {Números Inteiros e Criptografia RSA},
    Edition = {2},
    Year = {2014},
    Publisher = {IMPA}
}
@book{Domingues:2003,
    Author = {Domingues, Hygino H. and Iezzi, Gelson},
    Title = {Álgebra Moderna},
    Edition = {4},
    Year = {2003},
    Publisher = {Atual Editora}
}
@book{Hoffstein:2008,
    Author = {Hoffstein, Jeffrey},
    Title = {An Introduction to Mathematical Cryptograpfy},
    Year = {2008},
    Publisher = {Springer}
}
@book{Shoup:2005,
    Author = {Shoup, Victor},
    Title = {A Computational Introduction to Number Theory and Algebra},
    Year = {2005},
    Publisher = {Cambrigde University Press}
}
@book{Shokranian:2010,
    Author = {Shokranian, Salahoddin},
    Title = {Algebra 1},
    Edition = {1},
    Year = {2010},
    Publisher = {Ciência Moderna}
}
@book{Guide,
    Author = {Hankerson, Darrel and Menezes, Alfred and Vanstone, Scott},
    Title = {Guide to Elliptic Curve Cryptography},
    Year = {2004},
    Publisher = {Springer}
}
@book{Lewinter:2015,
    Author = {Lewinter, Marty and Mayer, Jeanine},
    Title = {Elementary Number Theory with Programming},
    Year = {2015},
    Publisher = {Wiley}
}
@book{Santos:2014,
    Author = {Santos, José Plínio de Oliveira},
    Title = {Introdução à Teoria dos Números},
    Year = {2014},
    Publisher = {IMPA}
}
@article{Cavalcante:2015,
    author = {André L. B. Cavalcante},
    title = {Teoria dos Números e Criptografia},
    year = {2015},
    address = {Departamento de Sistemas de Informação da UPIS}
}
@article{Pelzl:2006,
    author = {Jan Pelzl},
    title = {On the Security of Elliptic Cure Cryptosystem against Attacks with Special-Purpose Hardware},
    year = {2006},
    address = {Departamento de Sistemas de Informação da UPIS}
}
@article{Mandy:2007,
    author = {Mandy Zandra Seet},
    title = {Elliptic Curve Cryptography - Improving the Pollard-Rho Algorithm},
    year = {2007},
    school = {School of Mathematics and Statistics, The University of New South Wales}
}
@article{Knudsen:1998,
    author = {Lars R. Trawling Knudsen},
    title = {Twofish},
    year = {1998},
}
@article{Pollard:1978,
    author = {J. Pollard},
    title = {Monte Carlo Methods of Index Computation (mod \(p\))},
    year = {1978}
}
