@book{Scott:Carrington:2011,
	author = {Scott, John P. and Carrington, Peter J.},
	title = {The SAGE Handbook of Social Network Analysis},
	year = {2011},
	isbn = {1847873952, 9781847873958},
	publisher = {Sage Publications Ltd.},
}

@article{Marteleto:2001,
	Author = {Marteleto, Regina Maria},
	Title = {Mídias Sociais: uma contribuição de análise},
	Year = {2014},
	Address = {EDIPUCRS: Editora Universitária da PUCRS},
}

@article{Goular:2014,
	Author = {Goular, Elias E.},
	Title = {Análise de redes sociais: aplicação nos estudos de transferência da informação},
	Year = {2001},
	Address = {Ciência da Informação, Brasília},
}

@article{Hanneman:Riddle:2005,
	Author = {Hanneman, R. A. and Riddle, M.},
	Title = {Introduction to social network methods},
	Year = {2005},
	Address = {Riverside, CA: University of California},
	Url = {http://faculty.ucr.edu/~hanneman/nettext/}
}
